
%%% intro

@misc{website:letspottery,
    key = {Let's Create! Pottery},
    title = {Let's Create! Pottery},
    url = {http://www.potterygame.com/}
}

@inproceedings{Jacob2008Reality,
  title={Reality-based interaction:a framework for post-WIMP interfaces},
  author={Jacob, Robert J. K. and Girouard, Audrey and Hirshfield, Leanne M. and Horn, Michael S. and Shaer, Orit and Solovey, Erin Treacy and Zigelbaum, Jamie},
  booktitle={Proceeding of the Twenty-Sixth Sigchi Conference on Human Factors in Computing Systems},
  pages={201-210},
  year={2008},
}

@inproceedings{oviatt2006human,
  title={Human-centered design meets cognitive load theory: designing interfaces that help people think},
  author={Oviatt, Sharon},
  booktitle={Proceedings of the 14th ACM international conference on Multimedia},
  pages={871--880},
  year={2006},
  organization={ACM}
}

%%% bimanual

@inproceedings{walter2014cuenesics,
  title={Cuenesics: using mid-air gestures to select items on interactive public displays},
  author={Walter, Robert and Bailly, Gilles and Valkanova, Nina and M{\"u}ller, J{\"o}rg},
  booktitle={Proceedings of the 16th international conference on Human-computer interaction with mobile devices \& services},
  pages={299--308},
  year={2014},
  organization={ACM}
}

@inproceedings{cui2016exploration,
  title={Exploration of natural free-hand interaction for shape modeling using leap motion controller},
  author={Cui, Jian and Kuijper, Arjan and Sourin, Alexei},
  booktitle={Cyberworlds (CW), 2016 International Conference on},
  pages={41--48},
  year={2016},
  organization={IEEE}
}

@inproceedings{schkolne2001surface,
  title={Surface drawing: creating organic 3D shapes with the hand and tangible tools},
  author={Schkolne, Steven and Pruett, Michael and Schr{\"o}der, Peter},
  booktitle={Proceedings of the SIGCHI conference on Human factors in computing systems},
  pages={261--268},
  year={2001},
  organization={ACM}
}

@article{hinckley1998two,
  title={Two-handed virtual manipulation},
  author={Hinckley, Ken and Pausch, Randy and Proffitt, Dennis and Kassell, Neal F},
  journal={ACM Transactions on Computer-Human Interaction (TOCHI)},
  volume={5},
  number={3},
  pages={260--302},
  year={1998},
  publisher={ACM}
}


@article{wingcrave2010wii,
  title={Wii remote and beyond: Using spatially convenient devices for 3D UIs},
  author={Wingcrave, C and Williamson, B and Varcholik, P and Rose, J and Miller, A and Charbonneau, E and Bott, J and Laviola, J},
  journal={IEEE Computer Graphics and Applications},
  volume={30},
  number={2},
  pages={71--85},
  year={2010}
}

@article{niehorster2017accuracy,
  title={The accuracy and precision of position and orientation tracking in the HTC vive virtual reality system for scientific research},
  author={Niehorster, Diederick C and Li, Li and Lappe, Markus},
  journal={i-Perception},
  volume={8},
  number={3},
  pages={2041669517708205},
  year={2017},
  publisher={SAGE Publications Sage UK: London, England}
}

%%% art tool
@inproceedings{laviola20113d,
  title={3D spatial interaction: applications for art, design, and science},
  author={LaViola, Joseph J and Keefe, Daniel F},
  booktitle={ACM Siggraph 2011 Courses},
  pages={1},
  year={2011},
  organization={ACM}
}

@inproceedings{keefe2001cavepainting,
  title={CavePainting: a fully immersive 3D artistic medium and interactive experience},
  author={Keefe, Daniel F and Feliz, Daniel Acevedo and Moscovich, Tomer and Laidlaw, David H and LaViola Jr, Joseph J},
  booktitle={Proceedings of the 2001 symposium on Interactive 3D graphics},
  pages={85--93},
  year={2001},
  organization={ACM}
}

@inproceedings{baxter2001dab,
  title={DAB: interactive haptic painting with 3D virtual brushes},
  author={Baxter, Bill and Scheib, Vincent and Lin, Ming C and Manocha, Dinesh},
  booktitle={Proceedings of the 28th annual conference on Computer graphics and interactive techniques},
  pages={461--468},
  year={2001},
  organization={ACM}
}

@inproceedings{agrawala19953d,
  title={3D painting on scanned surfaces},
  author={Agrawala, Maneesh and Beers, Andrew C and Levoy, Marc},
  booktitle={Proceedings of the 1995 symposium on Interactive 3D graphics},
  pages={145--ff},
  year={1995},
  organization={ACM}
}

@article{otsuki2017brush,
  title={A brush device with visual and haptic feedback for virtual painting of 3D virtual objects},
  author={Otsuki, Mai and Sugihara, Kenji and Toda, Azusa and Shibata, Fumihisa and Kimura, Asako},
  journal={Virtual Reality},
  pages={1--15},
  year={2017},
  publisher={Springer}
}

@inproceedings{mcdonnell2001virtual,
  title={Virtual clay: A real-time sculpting system with haptic toolkits},
  author={McDonnell, Kevin T and Qin, Hong and Wlodarczyk, Robert A},
  booktitle={Proceedings of the 2001 symposium on Interactive 3D graphics},
  pages={179--190},
  year={2001},
  organization={ACM}
}

@inproceedings{sheng2006interface,
  title={An interface for virtual 3D sculpting via physical proxy.},
  author={Sheng, Jia and Balakrishnan, Ravin and Singh, Karan},
  booktitle={GRAPHITE},
  volume={6},
  pages={213--220},
  year={2006}
}

%%% virtual pottery

@article{koutsoudis2009qp,
  title={Qp: A tool for generating 3D models of ancient Greek pottery},
  author={Koutsoudis, Anestis and Pavlidis, George and Arnaoutoglou, Fotis and Tsiafakis, Despina and Chamzas, Christodoulos},
  journal={Journal of Cultural Heritage},
  volume={10},
  number={2},
  pages={281--295},
  year={2009},
  publisher={Elsevier}
}

@article{kumar2011wheel,
  title={Wheel-throwing in digital space using number-theoretic approach},
  author={Kumar, Gautam and Sharma, Naveen Kr and Bhowmick, Partha},
  journal={International Journal of Arts and Technology},
  volume={4},
  number={2},
  pages={196--215},
  year={2011},
  publisher={Inderscience Publishers}
}

@inproceedings{korida1997interactive,
  title={An interactive 3D interface for a virtual ceramic art work environment},
  author={Korida, Kazuyoshi and Nishino, Hiroaki and Utsumiya, Kouichi},
  booktitle={Virtual Systems and MultiMedia, 1997. VSMM'97. Proceedings., International Conference on},
  pages={227--234},
  year={1997},
  organization={IEEE}
}

@inproceedings{ramani2014zpots,
  title={zPots: a virtual pottery experience with spatial interactions using the leap motion device},
  author={Ramani, Karthik and Lee Jr, Kevin and Jasti, Raja and others},
  booktitle={CHI'14 Extended Abstracts on Human Factors in Computing Systems},
  pages={371--374},
  year={2014},
  organization={ACM}
}

@article{ramani2015gesture,
  title={A gesture-free geometric approach for mid-air expression of design intent in 3D virtual pottery},
  author={Ramani, Karthik and others},
  journal={Computer-Aided Design},
  volume={69},
  pages={11--24},
  year={2015},
  publisher={Elsevier}
}

@article{ramani2016extracting,
  title={Extracting hand grasp and motion for intent expression in mid-air shape deformation: A concrete and iterative exploration through a virtual pottery application},
  author={Ramani, Karthik and others},
  journal={Computers \& Graphics},
  volume={55},
  pages={143--156},
  year={2016},
  publisher={Elsevier}
}

@article{murugappan2013handy,
  title={Handy-potter: Rapid exploration of rotationally symmetric shapes through natural hand motions},
  author={Murugappan, Sundar and Piya, Cecil and Ramani, Karthik and others},
  journal={Journal of Computing and Information Science in Engineering},
  volume={13},
  number={2},
  pages={021008},
  year={2013},
  publisher={American Society of Mechanical Engineers}
}

@article{han2014virtual,
  title={Virtual pottery: a virtual 3D audiovisual interface using natural hand motions},
  author={Han, Yoon Chung and Han, Byeong-jun},
  journal={Multimedia tools and applications},
  volume={73},
  number={2},
  pages={917--933},
  year={2014},
  publisher={Springer}
}

@inproceedings{han2007ar,
  title={AR pottery: experiencing pottery making in the augmented space},
  author={Han, Gabjong and Hwang, Jane and Choi, Seungmoon and Kim, Gerard Jounghyun},
  booktitle={International Conference on Virtual Reality},
  pages={642--650},
  year={2007},
  organization={Springer}
}

%%% deformation

@article{Perlin1985An,
  title={An image synthesizer},
  author={Perlin, Ken},
  journal={Acm Siggraph Computer Graphics},
  volume={19},
  number={3},
  pages={287-296},
  year={1985},
}

@book{botsch2010polygon,
  title={Polygon mesh processing},
  author={Botsch, Mario and Kobbelt, Leif and Pauly, Mark and Alliez, Pierre and L{\'e}vy, Bruno},
  year={2010},
  publisher={CRC press}
}


%%% interactions

@inproceedings{choudhary1995general,
  title={A general multi-user undo/redo model},
  author={Choudhary, Rajiv and Dewan, Prasun},
  booktitle={Proceedings of the Fourth European Conference on Computer-Supported Cooperative Work ECSCWâ€™95},
  pages={231--246},
  year={1995},
  organization={Springer}
}



%%%

@misc{website:maya,
  key = {Autodesk Maya},
  title = {Autodesk Maya},
  url = {https://www.autodesk.com/products/maya/overview}
}

@misc{website:3dmax,
  key = {Autodesk 3ds Max},
  title = {Autodesk 3ds Max},
  url = {https://www.autodesk.com/products/3ds-max/overview}
}

@misc{website:vive,
  key = {HTC Vive},
  title = {HTC Vive},
  url = {https://www.vive.com/us/}
}

@misc{website:unity,
  key = {Unity3D},
  title = {Unity3D},
  url = {http://www.unity3d.com}
}

@inproceedings{hart2006nasa,
  title={NASA-task load index (NASA-TLX); 20 years later},
  author={Hart, Sandra G},
  booktitle={Proceedings of the human factors and ergonomics society annual meeting},
  volume={50},
  number={9},
  pages={904--908},
  year={2006},
  organization={Sage Publications Sage CA: Los Angeles, CA}
}

%%%

