%1
@article{sbodio2010discovering,
  title={Discovering Semantic Web services using SPARQL and intelligent agents},
  author={Sbodio, Marco Luca and Martin, David and Moulin, Claude},
  journal={Web Semantics: Science, Services and Agents on the World Wide Web},
  volume={8},
  number={4},
  pages={310--328},
  year={2010},
  publisher={Elsevier}
}
%2
@article{di2009tableaux,
  title={A Tableaux-based calculus for Abduction in Expressive Description Logics: Preliminary Results.},
  author={Di Noia, Tommaso and Di Sciascio, Eugenio and Donini, Francesco M},
  journal={Description Logics},
  volume={477},
  year={2009}
}
%3
@article{klusch2012isem,
  title={The iSeM matchmaker: A flexible approach for adaptive hybrid semantic service selection},
  author={Klusch, Matthias and Kapahnke, Patrick},
  journal={Web Semantics: Science, Services and Agents on the World Wide Web},
  volume={15},
  pages={1--14},
  year={2012},
  publisher={Elsevier}
}
%4
@inproceedings{lin1998information,
  title={An information-theoretic definition of similarity.},
  author={Lin, Dekang and others},
  booktitle={Icml},
  volume={98},
  number={1998},
  pages={296--304},
  year={1998},
  organization={Citeseer}
}
%5
@inproceedings{amiri2016learning,
  title={Learning text pair similarity with context-sensitive autoencoders},
  author={Amiri, Hadi and Resnik, Philip and Boyd-Graber, Jordan and Daum{\'e} III, Hal},
  booktitle={Proceedings of the 54th Annual Meeting of the Association for Computational Linguistics (Volume 1: Long Papers)},
  volume={1},
  pages={1882--1892},
  year={2016}
}
%6
@article{sycara5dynamic,
  title={Dynamic matchmaking among heterogeneous software agents in cyberspace},
  author={Sycara, K and Klusch, M and Widoff, S and Lu, J and Larks, K},
  journal={Autonomous Agents and Multi-Agent Systems},
  volume={5},
  number={2}
}
%7
@article{idestam1995generalization,
  title={Generalization of clauses under implication},
  author={Idestam-Almquist, Peter},
  journal={Journal of Artificial Intelligence Research},
  volume={3},
  pages={467--489},
  year={1995}
}
%8
@article{klusch2009owls,
  title={OWLS-MX: A hybrid Semantic Web service matchmaker for OWL-S services},
  author={Klusch, Matthias and Fries, Benedikt and Sycara, Katia},
  journal={Web Semantics: Science, Services and Agents on the World Wide Web},
  volume={7},
  number={2},
  pages={121--133},
  year={2009},
  publisher={Elsevier}
}
%9
@inproceedings{caruana2008empirical,
  title={An empirical evaluation of supervised learning in high dimensions},
  author={Caruana, Rich and Karampatziakis, Nikos and Yessenalina, Ainur},
  booktitle={Proceedings of the 25th international conference on Machine learning},
  pages={96--103},
  year={2008},
  organization={ACM}
}
%10
@article{lindner2015robust,
  title={Robust and accurate shape model matching using random forest regression-voting},
  author={Lindner, Claudia and Bromiley, Paul A and Ionita, Mircea C and Cootes, Tim F},
  journal={IEEE transactions on pattern analysis and machine intelligence},
  volume={37},
  number={9},
  pages={1862--1874},
  year={2015},
  publisher={IEEE}
}
%11
@inproceedings{glass2009inference,
  title={Inference to the Best Explanation: A comparison of approaches},
  author={Glass, David H},
  booktitle={Proceedings of the AISB 2009 Convention, Edinburgh, UK. www. aisb. org. uk/convention/aisb09/Proceedings},
  year={2009},
  organization={Citeseer}
}