@inproceedings{Jacob2008Reality,
  title={Reality-based interaction:a framework for post-WIMP interfaces},
  author={Jacob, Robert J. K. and Girouard, Audrey and Hirshfield, Leanne M. and Horn, Michael S. and Shaer, Orit and Solovey, Erin Treacy and Zigelbaum, Jamie},
  booktitle={Proceeding of the Twenty-Sixth Sigchi Conference on Human Factors in Computing Systems},
  pages={201-210},
  year={2008},
}

@misc{website:unity3d,
      title = {Unity},
      url = {https://unity3d.com/}
}

